<record><leader>00000cas a22000007a 4500</leader><controlfield tag="001">17330907</controlfield><controlfield tag="008">880111d19371959pauwr ne      0    0eng d</controlfield><datafield ind1=" " ind2=" " tag="010"><subfield code="a">sn 88079007 </subfield></datafield><datafield ind1=" " ind2=" " tag="040"><subfield code="a">NPH</subfield><subfield code="b">eng</subfield><subfield code="c">NPH</subfield><subfield code="d">OCLCQ</subfield></datafield><datafield ind1=" " ind2=" " tag="042"><subfield code="a">msc</subfield></datafield><datafield ind1="0" ind2=" " tag="130"><subfield code="a">Allentown times (Allentown, Pa. : 1937)</subfield></datafield><datafield ind1="1" ind2="0" tag="245"><subfield code="a">Allentown times.</subfield></datafield><datafield ind1="1" ind2="3" tag="246"><subfield code="a">Allentown times combined with Jewish herald and Lehigh Valley telegram</subfield></datafield><datafield ind1="1" ind2="3" tag="246"><subfield code="a">Emmaus times and the Allentown times</subfield></datafield><datafield ind1="1" ind2="3" tag="246"><subfield code="a">Allentown times and the Emmaus times</subfield></datafield><datafield ind1="1" ind2="3" tag="246"><subfield code="a">Emmaus-Macungie times and Allentown times</subfield></datafield><datafield ind1=" " ind2=" " tag="260"><subfield code="a">Allentown, Pa. :</subfield><subfield code="b">Peerless Pub. Co.,</subfield><subfield code="c">1937-1959.</subfield></datafield><datafield ind1=" " ind2=" " tag="300"><subfield code="a">23 v. :</subfield><subfield code="b">ill. ;</subfield><subfield code="c">42 cm.</subfield></datafield><datafield ind1=" " ind2=" " tag="310"><subfield code="a">Weekly</subfield></datafield><datafield ind1="0" ind2=" " tag="362"><subfield code="a">Vol. 1, no. 1 (Mar. 12, 1937)-v. 23, no. 37 (July 31, 1959).</subfield></datafield><datafield ind1=" " ind2=" " tag="500"><subfield code="a">Editor: Herbert Peterson.</subfield></datafield><datafield ind1=" " ind2=" " tag="752"><subfield code="a">United States</subfield><subfield code="b">Pennsylvania</subfield><subfield code="c">Lehigh</subfield><subfield code="d">Allentown.</subfield></datafield><datafield ind1="0" ind2="0" tag="780"><subfield code="t">Lehigh Valley telegram</subfield><subfield code="w">(DLC)sn 88079008</subfield></datafield><datafield ind1="0" ind2="0" tag="780"><subfield code="t">Emmaus times</subfield><subfield code="w">(DLC)sn 88079006</subfield></datafield><datafield ind1="1" ind2=" " tag="029"><subfield code="a">AU@</subfield><subfield code="b">000025786604</subfield></datafield></record>